@article{HPCWire07,
 AUTHOR    = "Troy Benjegerdes",
 TITLE     = "Ames Laboratory Demonstrates Ultra-Fast PVFS Transport",
 JOURNAL   = "HPC Wire",
 MONTH     = "October",
 YEAR      = "2007",
 URL       = "http://www.hpcwire.com/hpc/1870104.html"
}

@inproceedings{IPDPS07,
 AUTHOR    = "Ananth Devulapalli and Pete Wyckoff",
 TITLE     = "File creation strategies in a distributed metadata file system",
 BOOKTITLE = "Proceedings of IPDPS'07",
  location = "Long Beach, CA",
  month    = "March",
  year     = "2007"
}

@inproceedings{ICS05,
 AUTHOR    = "Weikuan Yu and Shuang Liang and Dhabaleswar K. Panda",
 TITLE     = "High performance support of parallel virtual file system (PVFS2) 
	over Quadrics",
 BOOKTITLE = "International Conference on Supercomputing (ICS '05)",
  location = "Cambridge, Massachusetts",
  year     = "2005",
 PAGES     = "323-331"
}

@techreport{OSUTR1,
 AUTHOR      = "Weikuan Yu and Shuang Liang and Dhabaleswar K. Panda",
 TITLE       = "PVFS2 over Quadrics: Design,
    Implementation and Performance Evaluation",
 INSTITUTION = "Ohio State University",
 YEAR        = "2004",
 NUMBER      = "Tecnhical Report OSU-CISRC-12/04-TR6"
}

@inproceedings{SNAPI05,
 AUTHOR      = "W. Yu and D. K. Panda",
 TITLE       = "Benefits of Quadrics Scatter/Gather to PVFS2
    Noncontiguous I/O",
 BOOKTITLE   = "International Workshop on Storage Network Architecture
    and Parallel I/Os (SNAPI)",
   location  = "Saint Louis, Missouri, USA",
   month     = "September",
   year      = "2005"
}

@inproceedings{MSST05,
 AUTHOR      = "Dean Hildebrand and Peter Honeyman",
 TITLE       = "Exporting Storage Systems in a Scalable
    Manner with pNFS",
 BOOKTITLE   = "13th NASA Goddard
    Conference on Mass Storage Systems and Technologies",
  location   = "Monterey, California",
  month      = "April",
  year       = "2005"
}

% this one makes only a brief reference to pvfs2.
@inproceedings{CCGrid05,
 AUTHOR      = "Dean Hildebrand and Peter Honeyman",
 TITLE       = "Scaling NFSv4 with Parallel File Systems",
 BOOKTITLE  = "Cluster Computing and Grid (CCGrid05)",
  location   = "Cardiff, United Kingdom",
  month      = "May",
  year       = "2005"
}

@inproceedings{EuroMPI04,
 AUTHOR      = "Rob Latham and Robert Ross and Rajeev Thakur",
 TITLE       = "The Impact of File Systems on MPI-IO Scalability",
 BOOKTITLE   = "EuroPVM/MPI",
   location  = "Budapest, Hungary",
   year      = "2004"
}

@inproceedings{Cluster03,
 AUTHOR      = "A. Ching and A. Choudhary and W. Liao, R. Ross and W. Gropp",
 TITLE       = "Efficient Structured Access in Parallel File Systems",
 BOOKTITLE   = "Proceedings of the 2003 IEEE
    International Conference on Cluster Computing",
   month     = "December",
   year      = "2003"
}

@inproceedings{BMI-IPDPS05,
 AUTHOR      = "Philip H. Carns and Walter B.
    Ligon III and Robert Ross and Pete Wyckoff",
 TITLE       = "BMI: a network abstraction layer for parallel I/O",
 BOOKTITLE   = "Proceedings of IPDPS '05",
  location   = "Denver, CO",
  month      = "April",
  year       = "2005"
}

@phdthesis{PHILPHD,
 AUTHOR      = "P. H. Carns",
 TITLE       = "Achieving Scalability in Parallel File Systems",
  school     = "Clemson University",
  month      = "May",
  year       = "2005"
}

@mastersthesis{HARISH,
 AUTHOR      = "Harish Ramachandran",
 TITLE       = "Design and Implementation of the System Interface for PVFS2",
  school     = "Clemson University",
  number     = "TR PARL-2002-008",
  month      = "December",
  year       = "2002"
}

@inproceedings{ICALT05,
 AUTHOR      = "Chao-Tung Yang and Hsin-Chuan Ho and Chien-Tung Pan",
 TITLE       = "Using Grid Computing and PVFS2 Technologies 
	for Construction of an e-Learning Environment",
 BOOKTITLE   = "Proceedings of the Fifth IEEE International Conference 
	on Advanced Learning Technologies (ICALT'05)",
  volume      =  "00",
  month       = "July",
  year        = "2005",
  location    = "Kaohsiung, Taiwan"
}

@inproceedings{AIAA05,
 AUTHOR       = "Parimala D. Pakalapati and Thomas Hauser",
 TITLE        = "Benchmarking Parallel I/O Performance for 
	Computational Fluid Dynamics Applications",
 BOOKTITLE    = "43rd AIAA Aerospace Sciences Meeting and Exhibit",
  pages       = "10-13",
  month       = "January",
  year        = "2005",
  location    = "Reno, Nevada"
}

@inproceedings{LCIC05,
 AUTHOR       = "Jason Cope and Michael Oberg and Henry M. Tufo and Matthew Woitaszek",
 TITLE        = "Shared Parallel Filesystems in Heterogeneous Linux
	Multi-Cluster Environments",
 BOOKTITLE    = "Computational Science Center, Linux Cluster Institute (LCI)
	Conference",
  location    = "Chapel Hill, North Carolina",
  year        = "2005"
}

@inproceedings{EuroMPI05,
 AUTHOR       = "Hipolito Vasquez Lucas and Thomas Ludwig",
 TITLE        = "Hint Controlled Distribution with Parallel File Systems",
 BOOKTITLE    = "European PVM/MPI Users' Group Meeting",
  location    = "Sorrento, Italy",
  month       = "September",
  year        = "2005",
  pages       = "110-118",
 ISBN         = "3-540-29009-5",
 ISSN         = "0302-9743",
 PUBLISHER    = "Springer"
}

@inproceedings{ISPCP04,
 AUTHOR       = "Thomas Ludwig",
 TITLE        = "Research Trends in High Performance Parallel Input/Output for
   Cluster Environments",
 BOOKTITLE    = "Proceedings of the 4th International Scientific and
   Practical Conference on Programming",
  location    = "Kiev, Ukraine",
  pages       = "274-281",
  year        = "2004",
 INSTITUTION  = "National Academy of Sciences of Ukraine",
 ISSN         = "1727-4907"
}

@inproceedings{PDCS05,
 AUTHOR       = "C. Kling and L.  Schneidenbach and and B. Schnor",
 TITLE        = "A High Performance Gigabit Ethernet Messaging Method for PVFS",
 BOOKTITLE    = "Proceedings of the  Parallel and
	Distributed Computing and Systems",
  location    = "Phoenix, AZ",
  year        = "2005"
}
 
@inproceedings{EuroMPI05-2,
 AUTHOR       = "Robert Latham and Robert Ross and Rajeev Thakur and Brian Toonen",
 TITLE        = "Implementing MPI-IO Shared File Pointers without File System Support",
 BOOKTITLE    = "EuroPVM/MPI",
  year        = "2005"
}

@inproceedings{EuroMPI05-3,
 AUTHOR       = "Rajeev Thakur and Robert Ross and Robert Latham",
 TITLE        = "Implementing Byte-Range Locks Using MPI One-Sided Communication",
 BOOKTITLE    = "EuroPVM/MPI",
  year        = "2005"
}

@inproceedings{CCGrid05,
 AUTHOR       = "Robert Ross and Robert Latham and William Gropp and Rajeev Thakur and Brian Toonen",
 TITLE        = "Implementing MPI-IO Atomic Mode Without File System Support",
 BOOKTITLE    = "CCGrid",
  year        = "2005"
}

@inproceedings{Grid04,
 AUTHOR       = "Nagavijayalakshmi Vydyanathan and Gaurav Khanna and Tahsin Kurc and
	Umit Catalyurek and Pete Wyckoff and Joel Saltz and P. Sadayappa",
 TITLE        = "Use of PVFS for Efficient Execution of Jobs 
	with Pipeline-Shared I/O",
 BOOKTITLE    = "Proceedings of the 5th
    IEEE/ACM International Workshop on Grid Computing",
  location    = "Pittsburg, PA",
  month       = "November",
  year        = "2004"
}

@inproceedings{CCGrid04,
 AUTHOR       = "Jiesheng Wu and Pete Wyckoff and D. K. Panda and Rob Ross",
 TITLE        = "Unifier: unifying cache management and communication
	buffer management for PVFS over InfiniBand",
 BOOKTITLE    = "Proceedings of CCGrid '04",
  location    = "Chicago, IL",
  month       = "April",
  year        = "2004"
}

@inproceedings{Cluster03,
 AUTHOR       = "Jiesheng Wu and Pete Wyckoff and D. K. Panda",
 TITLE        = "Supporting efficient noncontiguous access 
	in PVFS over InfiniBand",
 BOOKTITLE    = "Proceedings of Cluster '03",
  location    = "Hong Kong, China",
  month       = "December",
  year        = "2003"
}

@inproceedings{ICPP03,
 AUTHOR       = "Jiesheng Wu and Pete Wyckoff and Dhabaleswar Panda",
 TITLE        = "PVFS over InfiniBand: design and performance evaluation",
 BOOKTITLE    = "Proceedings of ICPP '03",
  location    = "Kaohsiung, Taiwan",
  month       = "October",
  year        = "2003"
}

@inproceedings{DNBP04,
 AUTHOR       = "A. Sivasubramaniam and M. Vilayannur and P. H. Carns and R. B. Ross and R. Thakur",
 TITLE        = "On the Performance of the POSIX I/O Interface to PVFS",
 BOOKTITLE    = "Proceedings of the 12th Euromicro Conference on Parallel, Distributed and Network based Processing",
  location    = "A Coruna, Spain",
  month       = "February",
  year        = "2004"
}

@inproceedings{ICPDS02,
 AUTHOR       = "Hsieh, J. and  Stanton, C. and  Ali, R.",
 TITLE        = "Performance evaluation of software RAID vs.
    hardware RAID for Parallel Virtual File System",
 BOOKTITLE    = "Ninth International Conference on Parallel 
	and Distributed Systems",
  month       = "December",
  year        = "2002",
}

% this one does mention a bit of pvfs2
@inproceedings{SNAPI05-2,
 AUTHOR       = "Jianqi Tang and  Binxing Fang and Mingzeng Hu Hongli Zhang",
 TITLE        = "A Parallel Out-of-Core Computing System Using PVFS for Linux Clusters",
 BOOKTITLE    = "International Workshop on Storage Network Architecture and Parallel I/Os (SNAPI)",
  location    = "Saint Louis, Missouri",
  year        = "2005"
}

@article{ClusterWorld04,
 AUTHOR       = "P. H. Carns and N. Miller and R. Latham and R. B. Ross and P. H. Carns",
 TITLE        = "Improving Cluster Performance with PVFS2",
 JOURNAL      = "ClusterWorld Magazine",
  month       = "April",
  year        = "2004"
}

@article{LinuxWorld04,
 AUTHOR       = "R. Latham and N. Miller and R. B. Ross and P. H. Carns",
 TITLE        = "A Next-Generation Parallel File System for Linux Clusters",
 JOURNAL      = "LinuxWorld Magazine",
  month       = "January",
  year        = "2004"
}

@article{JK04,
 AUTHOR       = "Julian Kunkel and Thomas Ludwig and Hipolito Vasquez",
 TITLE        = "Weit verteilt - Dateisystem for parallele Systeme: PVFS, Version 2",
 JOURNAL      = "Magazin for professionelle Informationstechnik",
  number      = "6",
  pages       = "110-113",
 PUBLISHER    = "Heise Verlag",
 MONTH        = "June",
 YEAR         = "2004"
}

%pvfs1 references

@inproceedings{Cluster02,
 AUTHOR       = "Avery Ching and Alok Choudhary and Wei-keng Liao and Robert Ross and and William Gropp",
 TITLE        = "Noncontiguous I/O through PVFS",
 BOOKTITLE    = "Proceedings of 2002 IEEE International Conference on Cluster Computing",
  month       = "September",
  year        = "2002"
}

@article{Beowulf01,
 AUTHOR       = "Ligon III, W.B. and Ross, R. B.",
 TITLE        = "PVFS: Parallel Virtual File System",
 JOURNAL      = "Beowulf Cluster Computing with Linux",
 EDITOR       = "Thomas Sterling",
 PAGES        = "391-430",
 PUBLISHER    = "MIT Press",
 MONTH        = "November",
 YEAR         = "2001"
}

@inproceedings{LSC00,
 AUTHOR       = "P. H. Carns and W. B. Ligon III, R. B. Ross and and R. Thakur",
 TITLE        = "PVFS: A Parallel File System For Linux Clusters",
 BOOKTITLE    = "Proceedings of the 4th Annual Linux
    Showcase and Conference",
  location    = "Atlanta, GA",
  month       = "October",
  year        = "2000",
  pages       = "317-327",
  note        = "Best Paper Award"
}

@article{LinuxJournal00,
 AUTHOR       = "Ibrahim F. Haddad", 
 TITLE        = "PVFS: A Parallel Virtual File System for Linux Clusters",
 JOURNAL      = "Linux Journal",
  volume      = "80",
  month       = "November",
  year        = "2000"
}


